<record><leader>00000cas a22000007a 4500</leader><controlfield tag="001">13196265</controlfield><controlfield tag="008">860225d19131913wvuwr ne      0    0eng d</controlfield><datafield ind1=" " ind2=" " tag="010"><subfield code="a">sn 86092257 </subfield></datafield><datafield ind1=" " ind2=" " tag="040"><subfield code="a">WVC</subfield><subfield code="b">eng</subfield><subfield code="c">WVC</subfield><subfield code="d">OCL</subfield><subfield code="d">OCLCQ</subfield></datafield><datafield ind1=" " ind2=" " tag="042"><subfield code="a">msc</subfield></datafield><datafield ind1="0" ind2="4" tag="245"><subfield code="a">The Putnam review.</subfield></datafield><datafield ind1=" " ind2=" " tag="260"><subfield code="a">Winfield, W. Va. :</subfield><subfield code="b">C.H. Enicks,</subfield><subfield code="c">1913.</subfield></datafield><datafield ind1=" " ind2=" " tag="300"><subfield code="a">v.</subfield></datafield><datafield ind1=" " ind2=" " tag="310"><subfield code="a">Weekly</subfield></datafield><datafield ind1="0" ind2=" " tag="362"><subfield code="a">Old ser. vol. 34, v. 1, no. 6 (Feb. 6, 1913)-old ser. v. 34, v.1, no. 43 (Oct. 23, 1913).</subfield></datafield><datafield ind1=" " ind2=" " tag="752"><subfield code="a">United States</subfield><subfield code="b">West Virginia</subfield><subfield code="c">Putnam</subfield><subfield code="d">Winfield.</subfield></datafield><datafield ind1="0" ind2="0" tag="780"><subfield code="t">Irrepressible</subfield><subfield code="w">(DLC)sn 86092256</subfield></datafield><datafield ind1="0" ind2="1" tag="785"><subfield code="t">Putnam leader</subfield><subfield code="w">(DLC)sn 86092258</subfield></datafield></record>